% This file was created with JabRef 2.6.
% Encoding: UTF-8

@ARTICLE{akan2014mcr01,
  author = {Akan, C. and Moghimi, S. and Osborne, J. and Ozkan-Haller, H.T. and
	Kurapov, A.},
  title = {On the Dynamics of Mouth of the Columbia River: Results from a Three-dimensional
	Fully Coupled Wave-Current Interaction Model},
  journal = {Manuscript in preparation},
  year = {2014},
  owner = {moghimi},
  timestamp = {2014.01.24}
}

@CONFERENCE{Khosronejad2008qual,
  author = {Khosronejad, A. and Moghimi, S.},
  title = {Qualitative Analysis of Sediment Entering into Power Tunnels Using
	a Sophisticated 3D Numerical Model; Case Study: Dez Dam},
  booktitle = {8th International Conference on Hydro-Science and Engineering, ICHE2008
	, Nagoya, JAPAN},
  year = {2008},
  pages = {95-96},
  owner = {moghimi},
  timestamp = {2014.01.24}
}

@ARTICLE{khosronejad20073d,
  author = {Khosronejad, A. and Rennie, C.D. and Moghimi, S},
  title = {3D Numerical Modeling of Flow field and Sediment Transport in Laboratory
	Reservoir Flushing Process},
  journal = {PROCEEDINGS OF THE CONGRESS-INTERNATIONAL ASSOCIATION FOR HYDRAULIC
	RESEARCH},
  year = {2007},
  volume = {32},
  pages = {432},
  number = {1}
}

@CONFERENCE{Khosronejad2007app,
  author = {Khosronejad, A. and Renny, C. and Moghimi, S.},
  title = {Application of Intelligent system of ANN to predict the scour process
	in coastal engineering},
  booktitle = {RCEM 2007, University of Twente, Neatherland},
  year = {2007},
  owner = {moghimi},
  timestamp = {2014.01.24}
}

@ARTICLE{mahdipaper2002caspian,
  author = {MAHDI, ZADEH MM and BANNAZADEH, MAHANI M and TORABI, AZAD M and MANSOURI,
	D and MOGHIMI, S},
  title = {Paper: A NUMERICAL MODEL OF STORM SURGE AND WIND INDUCED CURRENTS
	IN CASPIAN SEA},
  year = {2002},
  volume = {1},
  pages = {45--56},
  number = {3},
  publisher = {International Journal of Maritime Technology}
}

@ARTICLE{mashhadi2013numerical,
  author = {Mashhadi, Leila and Hadjizadeh Zaker, Nasser and Soltanpour, Mohsen
	and Moghimi, Saeed},
  title = {Numerical simulation of waves and storm surge induced by the Gonu
	tropical cyclone in the Chahbahar Bay area},
  journal = {International Journal of Maritime Technology},
  year = {2013},
  volume = {9},
  pages = {37--50},
  number = {17},
  publisher = {International Journal of Maritime Technology}
}

@ARTICLE{mashhadi2013study,
  author = {Mashhadi, Leila and Zaker, Nasser Hadjizadeh and Soltanpour, Mohsen
	and Moghimi, Saeed},
  title = {Study of the Gonu Tropical Cyclone in the Arabian Sea},
  journal = {Journal of Coastal Research},
  year = {2013},
  pages = {In-Press},
  publisher = {The Coastal Education and Research Foundation}
}

@TECHREPORT{moghimi-meighan,
  author = {Saeed Moghimi},
  title = {An Investigation on Environment Impact of Arak City Wastewater
	
	 Treatment Plant Outfall on Water Body of Meighan Wetland},
  institution = {Department of the Environment of Markazi Province, Arak,
	
	 Iran},
  year = {2009},
  owner = {moghimi},
  timestamp = {2015.02.20}
}

@TECHREPORT{moghimi-mpi,
  author = {Saeed Moghimi},
  title = {Operational wave forecasting system using parallel processing technology},
  institution = {Iran Meteorology Organization, Tehran, Iran},
  year = {2009},
  owner = {moghimi},
  timestamp = {2015.02.20}
}


@TECHREPORT{moghimi-permit,
  author = {Saeed Moghimi},
  title = {Shoreline construction permitting procedure},
  institution = {Research Deputy, Arak University, Arak, Iran},
  year = {2008},
  owner = {moghimi},
  timestamp = {2015.02.20}
}

@phdthesis{moghimi-phd-thesis,
  author = {Saeed Moghimi},
  title = {Dynamical Coupling of a Spectral Wave Model and A Storm Surge Model
	in Shallow Waters},
  school = {Tarbiat Modarres University, Tehran, Iran},
  year = {2005},
  owner = {moghimi},
  timestamp = {2015.02.20}
}
@masterthesis{moghimi-master,
  author = {Saeed Moghimi},
  title = {Diffraction of
Regular Waves in ports and Investigation of the Effect of Waves Irregularity},
  school = {Tarbiat Modarres University, Tehran, Iran},
  year = {1998},
  owner = {moghimi},
  timestamp = {2015.02.20}
}


@TECHREPORT{shafiee-mobin,
  author = {Saeed Moghimi},
  title = {East and West outfall thermal diffusion studies - Mobin Petrochemical
	complex},
  institution = {Iran Marine Industrial Company (SADRA), Tehran, Iran},
  year = {2003},
  owner = {moghimi},
  timestamp = {2015.02.20}
}

@CONFERENCE{moghimi2000iczm,
  author = {Moghimi, S.},
  title = {An investigation on National Regulation of Coastal Area Management
	and Planning},
  booktitle = {The First National conference on Integrated Coastal Zone Management
	of Iranian Coasts, Port \& Shipping Organization, Tehran, Iran},
  year = {2000},
  pages = {42--53},
  owner = {moghimi},
  timestamp = {2014.01.24}
}

@CONFERENCE{moghimi2012three,
  author = {Moghimi, S. and klingbeil, K. and Graewe, U. and Burchard, H.,},
  title = {Three dimensional wave current interaction in nearshore regions},
  booktitle = {JONSMOD2012 , Brest, France.},
  year = {2012},
  owner = {moghimi},
  timestamp = {2014.01.24}
}

@CONFERENCE{Moghimi1998msc,
  author = {Moghimi, S. and Aghakoochak, A.},
  title = {Numerical Solution of the Diffraction of Regular Waves and Investigation
	of the Effects of Wave Irregularity},
  booktitle = {International Conference of Coasts , Ports and Marine Structure ,
	Amir Kabir Univ. , Tehran, Iran,},
  year = {1998},
  pages = {221--229},
  owner = {moghimi},
  timestamp = {2014.01.24}
}

@CONFERENCE{moghimi2010met,
  author = {Moghimi, S. and Alemi, O. and Dalvandi, B.},
  title = {Met-ocean forecasting system: Developing Operational Wind and Wave
	Prediction System for Iranian Coastal Areas.},
  booktitle = {CLIMA2010, Humboldt University, Berlin, Germany.},
  year = {2010},
  owner = {moghimi},
  timestamp = {2014.01.24}
}

@CONFERENCE{moghimi2008openmp,
  author = {Moghimi, S. and Doustar, M.F. and Behrens, A.,},
  title = {Evaluation of Different OpenMP-Oriented Implementations for the Wave
	Model WAM Cycle 4.5},
  booktitle = {The Sixth International Conference on Engineering Computational Technology,
	Athens, Greece},
  year = {2008},
  number = {ISBN: 978-1-905088-25-6},
  owner = {moghimi},
  timestamp = {2014.01.24}
}

@CONFERENCE{moghimi2005effects,
  author = {Moghimi, S. and Gayer, G. and Guenther, H. and Shafieefar, M.},
  title = {Effects of different wave conditions on SPM distribution patterns
	in highly variable tidal environments},
  booktitle = {Coastal Dynamics2005, Barcelona, Spain},
  year = {2005},
  pages = {108--109},
  owner = {moghimi},
  timestamp = {2014.01.24}
}

@ARTICLE{moghimi2005application,
  author = {Moghimi, S. and Gayer, G. and G{\"u}nther, H. and Shafieefar, M.},
  title = {Application of third generation shallow water wave models in a tidal
	environment},
  journal = {Ocean Dynamics},
  year = {2005},
  volume = {55},
  pages = {10--27},
  number = {1},
  publisher = {Springer-Verlag}
}

@CONFERENCE{moghimi2010investig,
  author = {Moghimi, S. and Graewe, U. and Burchard, H.,},
  title = {An investigation of three dimensional hydrodynamics of semi-enclosed
	tidal basin including wind waves effects},
  booktitle = {15th Physics of Estuaries and Coastal Seas (PECS) conference, Colombo,
	Sri Lanka.},
  year = {2010},
  owner = {moghimi},
  timestamp = {2014.01.24}
}

@CONFERENCE{moghimi2008effects,
  author = {Moghimi, S. and Guenther, H. and Khosronejad, A.},
  title = {Effects of Presence of Waves on Shallow Estuaries Hydrodynamics},
  booktitle = {8th International Conference on Hydro-Science and Engineering, ICHE2008,
	NAGOYA, JAPAN},
  year = {2008},
  pages = {579--580},
  owner = {moghimi},
  timestamp = {2014.01.24}
}

@CONFERENCE{moghimi2001sealevel,
  author = {Moghimi, S. and Hamedi, A. and Mirmousavi, B. M.},
  title = {Sea level evaluation using joint probability method to combine Wave,
	surge and tide effects},
  booktitle = {The first conference of lake Urmia sustainable development, University
	of Urmia, Urmia, Iran},
  year = {2001},
  pages = {66},
  owner = {moghimi},
  timestamp = {2014.01.24}
}

@ARTICLE{moghimi2013direct,
  author = {Saeed Moghimi and Knut Klingbeil and Ulf Gr√§we and Hans Burchard},
  title = {A direct comparison of a depth-dependent Radiation stress formulation
	and a Vortex force formulation within a three-dimensional coastal
	ocean model },
  journal = {Ocean Modelling },
  year = {2013},
  volume = {70},
  pages = {132 - 144},
  number = {0},
  doi = {http://dx.doi.org/10.1016/j.ocemod.2012.10.002},
  issn = {1463-5003},
  url = {http://www.sciencedirect.com/science/article/pii/S1463500312001473}
}

@CONFERENCE{moghimi2003gis,
  author = {Moghimi, S. and Montaseri, H. and Shafieefar, M.},
  title = {Application of a 3rd generation wave model in Caspian Sea managed
	using GIS platform},
  booktitle = {the 4th Iranian Hydraulic Conference, Shiraz, Iran},
  year = {2003},
  pages = {703--711},
  owner = {moghimi},
  timestamp = {2014.01.24}
}

@CONFERENCE{moghimi2008data,
  author = {Moghimi, S. and Najafi, A.},
  title = {Needs for Establishment of Caspian Sea International Data Center},
  booktitle = {International Conference of Marine Data and Information Systems-
	IMDIS2008, Athens, Greece},
  year = {2008},
  owner = {moghimi},
  timestamp = {2014.01.24}
}

@ARTICLE{moghimi2015assim,
  author = {Saeed Moghimi and H. Tuba Ozkan-Haller and Greg Wilson and Alexander
	Kurapov},
  title = {Data assimilation for bathymetry estimation at a tidal inlet},
  journal = {Journal of Atmospheric and Oceanic Technology },
  year = {2015},
  pages = {Accepted with corrections}
}

@ARTICLE{moghimi2014assim02,
  author = {Moghimi, S. and Ozkan-Haller, T.},
  title = {Data fusion and bathymetry inversion in New River Inlet using remote
	sensed data},
  journal = {Manuscript in preparation},
  year = {2014},
  owner = {moghimi},
  timestamp = {2014.01.24}
}

@CONFERENCE{moghimi2009devel,
  author = {Moghimi, S. and Qaeeni, H. and Alemi, O.},
  title = {Developing wave forecasting system for Caspian Sea using Parrallel
	processing technology},
  booktitle = {International workshop on integrated coastal zone management, Izmir,
	Turkey.},
  year = {2009},
  owner = {moghimi},
  timestamp = {2014.01.24}
}

@CONFERENCE{moghimi2006linear,
  author = {Moghimi, S. and Shafieefar, M. and Gayer, G.},
  title = {Linear wind input activation rule on wave generation process in semi
	enclosed basins},
  booktitle = {7th International Conference on Coasts, Ports and Marine Structures,
	Tehran, Iran},
  year = {2006},
  pages = {17},
  owner = {moghimi},
  timestamp = {2014.01.24}
}

@CONFERENCE{moghimi2010dyn,
  author = {Moghimi, S. and Shafieefar, M. and Guenther, H.},
  title = {Dynamical Coupling of a Spectral Wave Model and a 3D Hydrodynamic
	Model in Highly Variable Tidal Environment},
  booktitle = {Jonsmod2010, Deltares, Delft, The Netherlands.},
  year = {2010},
  owner = {moghimi},
  timestamp = {2014.01.24}
}

@ARTICLE{moghimi2007evaluation,
  author = {Moghimi, S and Shafieefar, M and Khosronejad, A},
  title = {Evaluation of the effects of causeway construction on Urmia Lake
	fresh water circulation},
  journal = {Proceedings of the congress-international association for
	      hydraulic research, 32nd IAHR World Congress, Venice,
	          Italy},
  year = {2007},
}

@ARTICLE{moghimi2015turb,
  author = {Saeed Moghimi and Jim Thomson and H. Tuba Ozkan-Haller and Lars Umlauf
	and Seth Zippel},
  title = {On the modelling of wave-enhanced turbulence Nearshore },
  journal = {Ocean Modelling },
  year = {2015},
  pages = {Submitted}
}

@CONFERENCE{moghimi2012assim_agu,
  author = {Moghimi, S. and Wilson, G. and Akan, C and Ozkan-Haller, T.},
  title = {Data assimilation for bathymetry inversion of a natural tidal inlet},
  booktitle = {AGU fall meeting 2012, San Francisco, US.},
  year = {2012},
  owner = {moghimi},
  timestamp = {2014.01.24}
}

@CONFERENCE{valizadeh2003urmia,
  author = {Valizadeh, A. and Shafieefar, M. and Moghimi, S.},
  title = {Application of a moving land-water boundary method in fully implicit
	shallow water equation model in Urmia lake},
  booktitle = {The 4th Iranian Hydraulic Conference, Shiraz, Iran},
  year = {2003},
  pages = {547--554},
  owner = {moghimi},
  timestamp = {2014.01.24}
}

@TECHREPORT{shafiee-urmia,
  title = {Hydrodynamic, hydraulic and environmental of Urmia Lake investigation
	report},
  institution = {Iran Marine Industrial Company (SADRA), Tehran, Iran},
  year = {2004},
  owner = {moghimi},
  timestamp = {2015.02.20}
}

